<collection>
<record>
<leader>03910cpcaa22006137a 4500</leader>
<controlfield tag="001">14331943</controlfield>
<controlfield tag="005">20221020131512.0</controlfield>
<controlfield tag="008">060406i19851987xx spa </controlfield>
<datafield ind1=" " ind2=" " tag="906">
<subfield code="a">7</subfield>
<subfield code="b">cbc</subfield>
<subfield code="c">orignew</subfield>
<subfield code="d">u</subfield>
<subfield code="e">ncip</subfield>
<subfield code="f">20</subfield>
<subfield code="g">y-folklife</subfield>
</datafield>
<datafield ind1=" " ind2=" " tag="955">
<subfield code="a">mkru 2006-04-06</subfield>
<subfield code="a">mkru 2013-01-07</subfield>
<subfield code="a">mseg 2013-01-08</subfield>
<subfield code="a">mkru 2017-12-12</subfield>
</datafield>
<datafield ind1=" " ind2=" " tag="010">
<subfield code="a"> 2006700235</subfield>
</datafield>
<datafield ind1=" " ind2=" " tag="040">
<subfield code="a">DLC</subfield>
<subfield code="c">DLC</subfield>
<subfield code="e">dacs</subfield>
<subfield code="d">DLC</subfield>
</datafield>
<datafield ind1="0" ind2=" " tag="041">
<subfield code="d">spa</subfield>
<subfield code="d">eng</subfield>
<subfield code="a">eng</subfield>
<subfield code="a">spa</subfield>
</datafield>
<datafield ind1=" " ind2=" " tag="043">
<subfield code="a">n-us-nm</subfield>
</datafield>
<datafield ind1=" " ind2=" " tag="090">
<subfield code="a">RYL 7286-7320; VRA 3829-3831</subfield>
</datafield>
<datafield ind1=" " ind2=" " tag="090">
<subfield code="a">AFC 2005/005</subfield>
</datafield>
<datafield ind1="0" ind2="0" tag="245">
<subfield code="a">Peggy V. Beck collection,</subfield>
<subfield code="f">1985-1987.</subfield>
</datafield>
<datafield ind1="3" ind2=" " tag="246">
<subfield code="i">Former collection title:</subfield>
<subfield code="a">
Peggy V. Beck collection on New Mexican midwinter masquerades
</subfield>
</datafield>
<datafield ind1="1" ind2=" " tag="246">
<subfield code="i">Exhibition title:</subfield>
<subfield code="a">Oremos, oremos: New Mexican midwinter masquerades</subfield>
</datafield>
<datafield ind1=" " ind2=" " tag="300">
<subfield code="3">manuscripts</subfield>
<subfield code="a">25</subfield>
<subfield code="f">folders.</subfield>
</datafield>
<datafield ind1=" " ind2=" " tag="300">
<subfield code="3">sound recordings</subfield>
<subfield code="a">35 sound cassettes :</subfield>
<subfield code="b">analog (60 and 90 min.)</subfield>
</datafield>
<datafield ind1=" " ind2=" " tag="300">
<subfield code="3">graphic materials</subfield>
<subfield code="a">691 photographs :</subfield>
<subfield code="b">
photographic prints, slides, negatives, b and w, col. ;
</subfield>
<subfield code="c">various sizes.</subfield>
</datafield>
<datafield ind1=" " ind2=" " tag="300">
<subfield code="3">graphic materials</subfield>
<subfield code="a">5 drawings :</subfield>
<subfield code="b">pencil.</subfield>
</datafield>
<datafield ind1=" " ind2=" " tag="300">
<subfield code="3">moving images</subfield>
<subfield code="a">3 videocassettes (VHS) :</subfield>
<subfield code="b">sd., col. ;</subfield>
<subfield code="c">1/2 in.</subfield>
</datafield>
<datafield ind1=" " ind2=" " tag="351">
<subfield code="a">
Organized by format into the following series: I. Manuscripts; II. Sound Recordings; III. Graphic Images; IV. Moving Images.
</subfield>
</datafield>
<datafield ind1=" " ind2=" " tag="520">
<subfield code="a">
This collection comprises research materials created and compiled by Peggy V. Beck for the exhibition "Oremos, Oremos: New Mexican Midwinter Masquerades," at the Millicent Rogers Museum in Taos, New Mexico in 1987. Included are sound recordings of interviews, rehearsals, and performances; field notes, photographs, drawings, and videocassettes; plus exhibition catalogs and exhibit scripts. The focus of the exhibition is midwinter celebrations and plays, including Los Matachines, Los Pastores, and Los Días, and photographs and drawings of abuelos and abuelas.
</subfield>
</datafield>
<datafield ind1=" " ind2=" " tag="545">
<subfield code="a">
Peggy V. Beck, author, educator, received her PhD in the History of Consciousness in 1974 from the University of California, Santa Cruz, under the direction of Gregory Bateson. She taught humanities at the University of New Mexico and at New Mexico Highlands University from 1979-1983.
</subfield>
</datafield>
<datafield ind1=" " ind2=" " tag="524">
<subfield code="a">
Peggy V. Beck collection (AFC 2005/005), Archive of Folk Culture, American Folklife Center, Library of Congress.
</subfield>
</datafield>
<datafield ind1="1" ind2=" " tag="506">
<subfield code="a">
Collection is open for research. Access to recordings may be restricted. To request materials, please contact the Folklife Reading Room at https://hdl.loc.gov/loc.afc/folklife.contact
</subfield>
</datafield>
<datafield ind1=" " ind2=" " tag="540">
<subfield code="a">
Duplication of the collection materials may be governed by copyright and other restrictions.
</subfield>
</datafield>
<datafield ind1=" " ind2=" " tag="541">
<subfield code="a">Peggy V. Beck;</subfield>
<subfield code="c">Donation;</subfield>
<subfield code="d">2005.</subfield>
</datafield>
<datafield ind1=" " ind2=" " tag="546">
<subfield code="a">
Notes, sound and video recordings in Spanish and English; finding aid in English.
</subfield>
</datafield>
<datafield ind1="0" ind2=" " tag="555">
<subfield code="a">
Finding aid is available in the Folklife Reading Room and online
</subfield>
<subfield code="u">https://hdl.loc.gov/loc.afc/eadafc.af018005</subfield>
</datafield>
<datafield ind1=" " ind2="0" tag="650">
<subfield code="a">Winter festivals</subfield>
<subfield code="z">New Mexico.</subfield>
</datafield>
<datafield ind1=" " ind2="0" tag="650">
<subfield code="a">Folk drama, Hispanic American (Spanish)</subfield>
<subfield code="z">New Mexico.</subfield>
</datafield>
<datafield ind1=" " ind2="0" tag="650">
<subfield code="a">Folk songs, Spanish</subfield>
<subfield code="z">New Mexico.</subfield>
</datafield>
<datafield ind1=" " ind2="0" tag="650">
<subfield code="a">Hispanic Americans</subfield>
<subfield code="z">New Mexico</subfield>
<subfield code="x">Social life and customs.</subfield>
</datafield>
<datafield ind1=" " ind2="0" tag="650">
<subfield code="a">Matachines (Dance)</subfield>
<subfield code="z">New Mexico.</subfield>
</datafield>
<datafield ind1=" " ind2="0" tag="650">
<subfield code="a">Matachines (Music)</subfield>
<subfield code="z">New Mexico.</subfield>
</datafield>
<datafield ind1=" " ind2="0" tag="650">
<subfield code="a">Masquerades</subfield>
<subfield code="z">New Mexico.</subfield>
</datafield>
<datafield ind1=" " ind2="0" tag="650">
<subfield code="a">New Year</subfield>
<subfield code="z">New Mexico.</subfield>
</datafield>
<datafield ind1=" " ind2="0" tag="650">
<subfield code="a">New Year music.</subfield>
</datafield>
<datafield ind1=" " ind2="0" tag="655">
<subfield code="a">Field recordings</subfield>
<subfield code="z">New Mexico.</subfield>
</datafield>
<datafield ind1=" " ind2="7" tag="655">
<subfield code="a">Interviews.</subfield>
<subfield code="2">aat</subfield>
</datafield>
<datafield ind1=" " ind2="7" tag="655">
<subfield code="a">Sound recordings.</subfield>
<subfield code="2">aat</subfield>
</datafield>
<datafield ind1=" " ind2="7" tag="655">
<subfield code="a">Photographs.</subfield>
<subfield code="2">aat</subfield>
</datafield>
<datafield ind1=" " ind2="7" tag="655">
<subfield code="a">Videocassettes.</subfield>
<subfield code="2">aat</subfield>
</datafield>
<datafield ind1=" " ind2="7" tag="655">
<subfield code="a">Exhibition catalogs.</subfield>
<subfield code="2">aat</subfield>
</datafield>
<datafield ind1="1" ind2=" " tag="700">
<subfield code="a">Beck, Peggy V.,</subfield>
<subfield code="e">collector.</subfield>
</datafield>
<datafield ind1="2" ind2=" " tag="710">
<subfield code="a">Millicent Rogers Museum,</subfield>
<subfield code="e">sponsor.</subfield>
</datafield>
<datafield ind1=" " ind2=" " tag="852">
<subfield code="a">Library of Congress</subfield>
<subfield code="b">Archive of Folk Culture, American Folklife Center,</subfield>
<subfield code="e">
101 Independence Ave. S.E., Washington, DC USA 20540-4610
</subfield>
<subfield code="u">https://hdl.loc.gov/loc.afc/folklife.home</subfield>
</datafield>
<datafield ind1="4" ind2="2" tag="856">
<subfield code="3">Finding aid</subfield>
<subfield code="u">https://hdl.loc.gov/loc.afc/eadafc.af018005</subfield>
</datafield>
<datafield ind1=" " ind2=" " tag="985">
<subfield code="a">afc/coll</subfield>
</datafield>
<datafield ind1=" " ind2=" " tag="985">
<subfield code="a">afc/ead</subfield>
</datafield>
</record>
</collection>